@misc{kaggle,
    author = {Paul Mooney},
    title = {Does latitude impact the spread of COVID-19?},
    howpublished = {\url{https://www.kaggle.com/code/paultimothymooney/does-latitude-impact-the-spread-of-covid-19}},
    }

@misc{urban_pop,
    author = {World Bank},
    title = {Urban population},
    howpublished = {\url{https://data.worldbank.org/indicator/SP.URB.TOTL}},
    }

@misc{total_pop,
    author = {World Bank},
    title = {Total population},
    howpublished = {\url{https://data.worldbank.org/indicator/SP.POP.TOTL}},
    }

@misc{country_pos,
    author = {Tadas Talaikis},
    title = {Country position},
    howpublished = {\url{https://gist.github.com/tadast/8827699#file-countries_codes_and_coordinates-csv}},
    }

@misc{mean_temp,
    author = {Wikipedia},
    title = {Mean temperature},
    howpublished = {\url{https://en.wikipedia.org/wiki/List_of_countries_by_average_yearly_temperature}},
    }

@misc{covid_confirmed,
    author = {Johns Hopkins University},
    title = {COVID confirmed cases},
    howpublished = {\url{https://www.kaggle.com/datasets/sudalairajkumar/novel-corona-virus-2019-dataset/versions/143}},
    }

@misc{climate_classification,
    author = {University of Vienna},
    title = {Climate classification},
    howpublished = {\url{https://koeppen-geiger.vu-wien.ac.at/data/Koeppen-Geiger-ASCII.zip}},
    }

@misc{mortality_rate,
    author = {Paul Timothy Mooney},
    title = {Mortality rate},
    howpublished = {\url{https://www.kaggle.com/datasets/paultimothymooney/coronavirus-covid19-mortality-rate-by-country}},
    }

@misc{mortality_website,
    title = {Mortality rate},
    howpublished = {\url{https://www.worldometers.info/coronavirus/}},
    }

@misc{R0_wiki,
    author = {Wikipedia},
    title = {Basic reproduction number},
    howpublished = {\url{https://en.wikipedia.org/wiki/Basic_reproduction_number}},
    }

@article{sy2021population,
  title={Population density and basic reproductive number of COVID-19 across United States counties},
  author={Sy, Katelyn T L and White, Laura F and Nichols, Brooke E},
  journal={PLoS One},
  volume={16},
  number={4},
  pages={e0249271},
  year={2021},
  publisher={Public Library of Science}
}

@article{climate_mortality,
  title={Climate and COVID-19 pandemic: effect of humidity and temperature on the outbreak in selected Nordic countries},
  author={Sarkodie, Samuel A and Owusu, Peter A},
  journal={Science of the Total Environment},
  volume={737},
  pages={140640},
  year={2020},
  publisher={Elsevier}
}

@misc{haversine,
    author = {Wikipedia},
    title = {Haversine formula},
    howpublished = {\url{https://en.wikipedia.org/wiki/Haversine_formula}},
    }